@misc{n,
author={Mohammed Nisham K},
},
@misc{j,
author={Jayadeep K M},
},
@misc{k,
author={Kevin Joseph},
},




