@article{deepmind,
	title = {Playing Atari with Deep Reinforcement Learning},
	author = {Volodymyr Mnih, Koray Kavukcuoglu, David Silver, Alex Graves, Ioannis Antonoglou,
Daan Wierstra, Martin Riedmiller},
	year = {2013},
	month = {Dec}
},
@article{stock,
  title = {Stock Trading with Recurrent Reinforcement
Learning (RRL)},
  journal={cs 229 stanford machine learning project},
  year = {2006},
},
@article{network,
  title = {Next Generation Intrusion Detection: Autonomous Reinforcement Learning
of Network Attacks},
  author={James Cannady}
},
@misc{nervana,
title={Demystifying Deep Reinforcement Learning},
howpublished={https://www.nervanasys.com/demystifying-deep-reinforcement-learning/}	
},
@misc{pong,
title = {Deep Reinforcement Learning: Pong from Pixels},
howpublished = {http://karpathy.github.io/2016/05/31/rl/}
},
@misc{qlearning,
title = {q-learning path-finding-q-learning-tutorial},
howpublished = {http://mnemstudio.org/path-finding-q-learning-tutorial.htm}
},
@misc{IOT,
title = {Reinforcement Learning and IOT},
howpublished = {http://www.kdnuggets.com/2016/08/reinforcement-learning-internet-things.html}
},
@misc{Go,
title = {Alpha Go},
howpublished = {https://deepmind.com/research/alphago/}
},
@ARTICLE{bellemare13arcade,
  author = {{Bellemare}, M.~G. and {Naddaf}, Y. and {Veness}, J. and {Bowling}, M.},
  title = {The Arcade Learning Environment: An Evaluation Platform for General Agents},
  journal = {Journal of Artificial Intelligence Research},
  year = 2013,
  month = 06,
  volume = 47,
  pages = {253--279}
}
