@article{deepmind,
	title = {Playing Atari with Deep Reinforcement Learning},
	author = {Volodymyr Mnih, Koray Kavukcuoglu, David Silver, Alex Graves, Ioannis Antonoglou,
Daan Wierstra, Martin Riedmiller},
	year = {2013},
	month = {Dec}
},
@misc{nervana,
title={Demystifying Deep Reinforcement Learning},
howpublished={https://www.nervanasys.com/demystifying-deep-reinforcement-learning/}	
},
@misc{pong,
title = {Deep Reinforcement Learning: Pong from Pixels},
howpublished = {http://karpathy.github.io/2016/05/31/rl/}
},
@misc{qlearning,
title = {q-learning path-finding-q-learning-tutorial},
howpublished = {http://mnemstudio.org/path-finding-q-learning-tutorial.htm}
}